
@misc{ev3,
    author = "",
    title = "LegoMindstormsEV3",
    howpublished = "\url{http://www.lego.com/en-us/mindstorms/products/31313-mindstorms-ev3}",
}
